<?xml version="1.0" encoding="UTF-8"?><collection xmlns="http://www.loc.gov/MARC21/slim"><record><leader>00387nam--2200133-i-4500</leader><controlfield tag="001">000046577</controlfield><controlfield tag="002">20161230</controlfield><controlfield tag="005">20161230201046</controlfield><controlfield tag="008">060222s1000------------r-----000-0-eng-d</controlfield><datafield ind1=" " ind2=" " tag="100"><subfield code="a">Verly, W.G</subfield></datafield><datafield ind1=" " ind2=" " tag="245"><subfield code="a">Tritium: dosage, preparation de molecules marquees et applications biologiques</subfield></datafield><datafield ind1=" " ind2=" " tag="260"><subfield code="a">Vienna, Intern.Atomic Energy Agency, 1960, 56p</subfield></datafield><datafield ind1=" " ind2=" " tag="490"><subfield code="a">Reviews Series</subfield></datafield><datafield ind1=" " ind2=" " tag="852"><subfield code="a">14678</subfield></datafield></record></collection>